<record><leader>00000cas a22000007a 4500</leader><controlfield tag="001">11360202</controlfield><controlfield tag="008">841107d187u1931nyuwr ne      0    0eng d</controlfield><datafield ind1=" " ind2=" " tag="010"><subfield code="a">sn 84031725 </subfield></datafield><datafield ind1=" " ind2=" " tag="040"><subfield code="a">NYG</subfield><subfield code="b">eng</subfield><subfield code="c">NYG</subfield><subfield code="d">NPX</subfield><subfield code="d">NYG</subfield><subfield code="d">NYS</subfield><subfield code="d">MGN</subfield><subfield code="d">NYS</subfield><subfield code="d">OCLCQ</subfield></datafield><datafield ind1=" " ind2=" " tag="042"><subfield code="a">msc</subfield></datafield><datafield ind1="0" ind2="0" tag="245"><subfield code="a">Waterford advertiser.</subfield></datafield><datafield ind1="1" ind2=" " tag="246"><subfield code="i">Published as:</subfield><subfield code="a">Advertiser</subfield><subfield code="f">&lt;Mar. 1&gt;-Apr. 19, 1878</subfield></datafield><datafield ind1=" " ind2=" " tag="260"><subfield code="a">Waterford, Saratoga Co., N.Y. :</subfield><subfield code="b">R.D. Palmateer</subfield></datafield><datafield ind1=" " ind2=" " tag="300"><subfield code="a">v. :</subfield><subfield code="b">ill. ;</subfield><subfield code="c">65 cm.</subfield></datafield><datafield ind1=" " ind2=" " tag="310"><subfield code="a">Weekly</subfield></datafield><datafield ind1="1" ind2=" " tag="362"><subfield code="a">Ceased in 1931?</subfield></datafield><datafield ind1=" " ind2=" " tag="500"><subfield code="a">Publishers: Palmateer &amp; Cauldwell, &lt;1876&gt;; J.W. Smith, &lt;1878&gt;; Palmateer &amp; Smith, &lt;1883&gt;.</subfield></datafield><datafield ind1=" " ind2=" " tag="588"><subfield code="a">Description based on: Vol. 3, no. 17 (Aug. 7, 1874).</subfield></datafield><datafield ind1=" " ind2="4" tag="651"><subfield code="a">Waterford (N.Y.)</subfield><subfield code="v">Newspapers.</subfield></datafield><datafield ind1=" " ind2=" " tag="752"><subfield code="a">United States</subfield><subfield code="b">New York</subfield><subfield code="c">Saratoga</subfield><subfield code="d">Waterford.</subfield></datafield><datafield ind1="0" ind2="0" tag="780"><subfield code="t">Advertiser (Waterford, N.Y.)</subfield><subfield code="w">(DLC)sn 85054248</subfield></datafield><datafield ind1="0" ind2="5" tag="780"><subfield code="t">Waterford sentinel</subfield><subfield code="g">1873</subfield><subfield code="w">(DLC)sn 83031924</subfield></datafield></record>